
% NEW INTRODUCTION SOURCES
@inbook{CTX_Calimbahin-2023,
  author = {Calimbahin, Cleo Anne A.},
  chapter = {The 2022 Philippine Elections: Unity, Continuity, and Impunity},
  pages = {11-18},
  publisher = {Research Institute on Contemporary Southeast Asia},
  title = {Current Electoral Processes in Southeast Asia. Regional Learnings},
  year = {2023}
}

@article{RRL_Sinpeng-2020,
  title={STRONG FANS, WEAK CAMPAIGNS: SOCIAL MEDIA AND DUTERTE IN THE 2016 PHILIPPINE ELECTION},
  volume={20},
  DOI={10.1017/jea.2020.11},
  number={3},
  journal={Journal of East Asian Studies},
  author={Sinpeng, Aim and Gueorguiev, Dimitar and Arugay, Aries A.},
  year={2020},
  pages={353–374}
}

@article{RRL_Tapsell-2020,
  title={Social Media and Elections in Southeast Asia: The Emergence of Subversive, Underground Campaigning},
  author={Tapsell, Ross},
  journal={Asian Studies Review},
  volume={45},
  issue={1},
  pages={117-134},
  month={09 Nov},
  year={2020},
  doi={https://doi.org/10.1080/10357823.2020.1841093}
}

@article{CTX_Johnson-2022,
  author = {Johnson, Howard and Head, Johnathan},
  journal = {BBC},
  title = {Leni Robredo: The woman leading the Philippines' 'pink revolution'},
  url = {https://bbc.com/news/world-asia-61318519},
  type = {Newspaper Article},
  month = {7 May},
  year = {2022}
}

@misc{CTX_ABSCBN-2022,
  author = {ABS-CBN},
  howpublished = {\url{https://halalanresults.abs-cbn.com/}},
  title = {Halalan Results 2022},
  type = {Newspaper Article},
  year = {2022}
}




% SCOPE AND LIMITS
@article{SaL_Lalu-2021,
  author = {Lalu, Gabriel Pabico},
  journal = {Inquirer.Net},
  title = {‘Buong-buo ang loob ko’: Robredo to run for president in 2022},
  year = {2021},
  type = {Newspaper Article},
  month = {7, Oct},
  url = {https://newsinfo.inquirer.net/1498306/its-final-robredo-to-run-for-president-in-2022}
}

@article{SaL_Buan-2021,
  author = {Buan, Lian},
  journal = {Rappler},
  title = {Dictator’s son Bongbong Marcos to run for president in 2022},
  year = {2021},
  type = {Newspaper Article},
  month = {5, Oct},
  url = {https://www.rappler.com/philippines/elections/bongbong-marcos-to-run-president-2022/}
}

@article{SaL_Viner-2024,
  author = {Viner, Katharine},
  journal = {The Guardian},
  title = {Read Kamala Harris’s full statement: ‘My intention is to earn and win this nomination'},
  year = {2024},
  type = {Newspaper Article},
  month = {21, Jul},
  url = {https://www.theguardian.com/us-news/article/2024/jul/21/harris-biden-drops-out-letter}
}

@article{SaL_Orr-2022,
  author = {Orr, Gabby and Holmes, Kristen and Stracqualursi, Veronica},
  journal = {CNN},
  title = {Former President Donald Trump announces a White House bid for 2024},
  year = {2022},
  type = {Newspaper Article},
  month = {16, Nov},
  url = {https://edition.cnn.com/2022/11/15/politics/trump-2024-presidential-bid/index.html}
}

@article{SaL_AlJazeera-2024,
  author = {Al Jazeera},
  journal = {Al Jazeera},
  type = {Newspaper Article},
  title = {Donald Trump to face 'hush money' criminal trial: What's it all about?},
  url = {https://www.aljazeera.com/news/2024/2/15/trumps-hush-money-criminal-case},
  month = {15 February},
  year = {2024}
}

@article{SaL_AmnInt-2022,
  author = {Amnesty International},
  journal = {Amnesty International},
  title = {Five things to know about Martial Law in the Philippines},
  url = {https://www.amnesty.org/en/latest/news/2022/04/five-things-to-know-about-martial-law-in-the-philippines/},
  month = {21 Sep},
  year = {2022}
}


% RRL
@article{RRL_Holmes-2016,
  author = {Holmes, Ronald D.},
  journal = {Journal of Current Southeast Asian Affairs},
  number = {3},
  title = {The Dark Side of Electoralism: Opinion Polls and Voting in the 2016 Philippine Presidential Election},
  volume = {35},
  year = {2016},
  doi = {10.1177/186810341603500302},
  pages = {15-38}
}

@article{RRL_Pernia-2025,
  author = {Pernia, Ronald A. and Panao, Rogelio Alicor L.},
  title = {Electing the dictator’s son: the 2022 Philippine election in an era of authoritarian nostalgia and democratic decline},
  journal = {Asian Affairs: An American Review},
  pages = {1-22},
  year = {2025},
  publisher = {Routledge},
  doi = {10.1080/00927678.2025.2461822}
}

@article{RRL_Cheung-2024,
  title={America’s Status Quo and the 2024 Presidential Election},
  author={Cheung, Meghan G and Kropf, John},
  year={2024}
}

@article{RRL_Dulay-2023,
  title={Continuity, history, and identity: Why Bongbong Marcos won the 2022 Philippine presidential election},
  author={Dulay, Dean and Hicken, Allen and Menon, Anil and Holmes, Ronald},
  journal={Pacific Affairs},
  volume={96},
  number={1},
  pages={85-104},
  doi={10.5509/202396185},
  year={2023},
  publisher={Pacific Affairs, a division of the University of British Columbia}
}

@article{RRL_Baccini-2021,
  title={The COVID-19 pandemic and the 2020 US presidential election},
  author={Baccini, Leonardo and Brodeur, Abel and Weymouth, Stephen},
  journal={Journal of population economics},
  volume={34},
  pages={739-767},
  doi={10.1007/s00148-020-00820-3},
  year={2021},
  publisher={Springer}
}

@article{RRL_Setiawan-2025,
  title={Media Framing of Donald Trump's 2024 Election Victory: A Case Study on International Media},
  author={Setiawan, Dani and Ananda, Darra and Kartika, Tina},
  journal={MEDIASI Jurnal Kajian dan Terapan Media, Bahasa, Komunikasi},
  volume={6},
  number={1},
  year={2025}
}

@article{RRL_Ampon-2023,
  title={‘Battleground of Philippine Elections’: Political Message Strategies of Bongbong Marcos and Leni Robredo on Social Media},
  author={Ampon, Rayns Keneth Sabalboro and Salathong, Jessada},
  journal={International Journal of Social Science and Human Research},
  volume={6},
  number={07},
  year={2023}
}

@article{RRL_Mendoza-2022,
  author = {Mendoza, Maria Elize H.},
  journal = {Contemporary Southeast Asia: A Journal of International and Strategic Affairs},
  number = {3},
  title = {Philippine Elections 2022: TikTok in Bongbong Marcos' Presidential Campaign.},
  volume = {44},
  pages = {389-395},
  URL = {https://muse.jhu.edu/article/879193},
  year = {2022}
}



@article{RRL_Posada-2025,
  title={Likes, Comments, and Rhetoric: Demagoguery in the Age of the Internet and Social Media},
  author={Posada, Andrea},
  year={2025},
  url={https://scholarship.claremont.edu/cmc_theses/3762/}
}

@article{RRL_Bissonette-2020,
  title={“Modern Day Presidential:" Donald Trump and American Politics in the Age of Twitter},
  author={Bissonette, Devan},
  journal={The Journal of Social Media in Society},
  volume={9},
  number={1},
  pages={180--206},
  year={2020}
}

inproceedings{RRL_Ancheta-2020,
  author={Ancheta, Jeffrey Rosario and Gorro, Ken D. and Uy, Mark Anthony D.},
  booktitle={2020 12th International Conference on Knowledge and Smart Technology (KST)}, 
  title={Walangpasok on Twitter: Natural language processing as a method for analyzing tweets on class suspensions in the Philippines}, 
  year={2020},
  pages={103-108},
  doi={10.1109/KST48564.2020.9059411}
}

@article{RRL_Macrohon-2022,
  AUTHOR = {Macrohon, Julio Jerison E. and Villavicencio, Charlyn Nayve and Inbaraj, X. Alphonse and Jeng, Jyh-Horng},
  TITLE = {A Semi-Supervised Approach to Sentiment Analysis of Tweets during the 2022 Philippine Presidential Election},
  JOURNAL = {Information},
  VOLUME = {13},
  YEAR = {2022},
  NUMBER = {10},
  ARTICLE-NUMBER = {484},
  URL = {https://www.mdpi.com/2078-2489/13/10/484},
  ISSN = {2078-2489},
  DOI = {10.3390/info13100484}
}

@article{RRL_Aquino-2025,
  title = {Graph-aware pre-trained language model for political sentiment analysis in Filipino social media},
  journal = {Engineering Applications of Artificial Intelligence},
  volume = {146},
  pages = {110317},
  year = {2025},
  issn = {0952-1976},
  doi = {10.1016/j.engappai.2025.110317},
  url = {https://www.sciencedirect.com/science/article/pii/S0952197625003173},
  author = {Aquino, Jean Aristide and Liew, Di Jie and Chang, Yung-Chun},
}

@book{RRL_Liu-2012,
  place={S.l.},
  title={Sentiment analysis and opinion mining},
  publisher={SPRINGER INTERNATIONAL PU},
  author={LIU, BING},
  year={2012}
}

@misc{RRL_Liu-2023,
      title={Sentiment Analysis in the Era of Large Language Models: A Reality Check}, 
      author={Liu, Bing and Zhang, Wenxuan and Deng, Yue and Pan, Sinno Jialin and Bing, Lidong},
      year={2023},
      eprint={2305.15005},
      archivePrefix={arXiv},
      primaryClass={cs.CL},
      url={https://arxiv.org/abs/2305.15005}, 
}

@inproceedings{RRL_Demillo-2023,
  author={Demillo, Reina Erika and Solano, Geoffrey and Oco, Nathaniel},
  booktitle={2023 International Conference on Artificial Intelligence in Information and Communication (ICAIIC)}, 
  title={Philippine National Elections 2022: Voter Preferences and Topics of Discussion on Twitter}, 
  year={2023},
  pages={724-729},
  doi={10.1109/ICAIIC57133.2023.10067082}
}

@inproceedings{RRL_Cruz-2022,
  title={Is Twitter an Echo Chamber? Connecting Online Public Sentiments to Actual Results From the 2019 Philippine Midterm Elections},
  author={Cruz, Lamar Clarence and dela Cruz, Jessica Nicole and Maglangit, Shane Francis and Magtira, Mico and Imperial, Joseph Marvin and Rodriguez, Ramon},
  booktitle={2022 International Conference on Asian Language Processing (IALP)},
  pages={57--62},
  doi={10.1109/IALP57159.2022.9961305},
  year={2022},
  organization={IEEE}
}

@misc{RRL_Koroteev-2021,
      title={BERT: A Review of Applications in Natural Language Processing and Understanding}, 
      author={Koroteev, Mikhail V.},
      year={2021},
      eprint={2103.11943},
      archivePrefix={arXiv},
      primaryClass={cs.CL},
      url={https://arxiv.org/abs/2103.11943}, 
}

@article{RRL_Pranay-Kumar-2023,
  title={A Fusion Architecture of BERT and RoBERTa for Enhanced Performance of Sentiment Analysis of Social Media Platforms},
  author={Pranay Kumar, BV and Sadanandam, Manchala},
  year = {2023},
  month = {27, May},
  journal={Manchala, A Fusion Architecture of BERT and RoBERTa for Enhanced Performance of Sentiment Analysis of Social Media Platforms}
}

@misc{RRL_Liu-2019,
  title={RoBERTa: A Robustly Optimized BERT Pretraining Approach}, 
  author={Liu, Yinhan and Ott, Myle and Goyal, Naman and Du, Jingfei and Joshi, Mandar and Chen, Danqi and Levy, Omer and Lewis, Mike and Zettlemoyer, Luke and Stoyanov, Veselin},
  year={2019},
  eprint={1907.11692},
  archivePrefix={arXiv},
  primaryClass={cs.CL},
  url={https://arxiv.org/abs/1907.11692}, 
}

@misc{RRL_Dong-2020,
  title={Transformer-based Context-aware Sarcasm Detection in Conversation Threads from Social Media}, 
  author={Dong, Xiangjue and Li, Changmao and Choi, Jinho D.},
  year={2020},
  eprint={2005.11424},
  archivePrefix={arXiv},
  primaryClass={cs.CL},
  url={https://arxiv.org/abs/2005.11424}, 
}

@inproceedings{RRL_Prasanthi-2023,
  author = {Prasanthi, Naga and Madhavi, Rallabandi and Sabarinadh, Degala and Sravani, Battula},
  year = {2023},
  month = {04},
  pages = {1-6},
  title = {A Novel Approach for Sentiment Analysis on social media using BERT and ROBERTA Transformer-Based Models},
  doi = {10.1109/I2CT57861.2023.10126206}
}

@misc{RRL_Azadi-2025,
      title={Bilingual Sexism Classification: Fine-Tuned XLM-RoBERTa and GPT-3.5 Few-Shot Learning}, 
      author={Azadi, AmirMohammad and Ansari, Baktash and Zamani, Sina and Eetemadi, Sauleh},
      year={2025},
      eprint={2406.07287},
      archivePrefix={arXiv},
      primaryClass={cs.CL},
      url={https://arxiv.org/abs/2406.07287}, 
}

@misc{RRL_Conneau-2020,
      title={Unsupervised Cross-lingual Representation Learning at Scale}, 
      author={Conneau, Alexis and Khandelwal, Kartikay and Goyal, Naman and Chaudhary, Vishrav and Wenzek, Guillaume and Guzmán, Francisco and Grave, Edouard and Ott, Myle and Zettlemoyer, Luke and Stoyanov, Veselin},
      year={2020},
      eprint={1911.02116},
      archivePrefix={arXiv},
      primaryClass={cs.CL},
      url={https://arxiv.org/abs/1911.02116}, 
}

@misc{RRL_Qorri-2018,
  author = {Qorri, Fjolla},
  publisher = {Rochester Institute of Technology},
  title = {The Psychology behind Voting Behavior in Kosovo},
  year = {2018},
  month = {July},
  url = {https://repository.rit.edu/theses/9813/}
}

@article{RRL_Campanero-2021,
  title={THE INFLUENCE OF SOCIAL MEDIA TO THE VOTING PREFERENCE AS PERCEIVED BY SELECTED VOTERS: A CASE STUDY},
  author={CAMPANERO, CHERRY ANN D and DEOFERIO, EARL JOHN A and LLENA, MARK JUSTIN A and MATUNOG III, NICOLAS L and SANTOS, MARY LORI A},
  year={2021},
  month = {June},
  publisher = {Rizal Technological University College of Education}
}

@article{RRL_Almazan-2023,
author = {Almazan, Mark Christian and Orzal, Leonil Brian and Toring, Lance Archie and Coton, Mayree and Lucenecio, Danie and Nunez, Rina and Bordon, Kandy and Delan, Dejierey},
year = {2023},
month = {10},
pages = {109-118},
title = {Understanding Voters' Preference for Candidates in the Philippine Presidential Elections},
volume = {3},
journal = {Cognizance Journal of Multidisciplinary Studies},
doi = {10.47760/cognizance.2023.v03i10.009}
}


% METHODOLOGY
@inproceedings{MTHD_RoBERTa-model,
    title = "i{TANONG}-{DS} : A Collection of Benchmark Datasets for Downstream Natural Language Processing Tasks on Select {P}hilippine Languages",
    author = "Visperas, Moses L.  and
      Borjal, Christalline Joie  and
      Adoptante, Aunhel John M  and
      Abacial, Danielle Shine R.  and
      Decano, Ma. Miciella  and
      Peramo, Elmer C",
    editor = "Abbas, Mourad  and
      Freihat, Abed Alhakim",
    booktitle = "Proceedings of the 6th International Conference on Natural Language and Speech Processing (ICNLSP 2023)",
    month = dec,
    year = "2023",
    address = "Online",
    publisher = "Association for Computational Linguistics",
    url = "https://aclanthology.org/2023.icnlsp-1.34",
    pages = "316--323",
}

% UNUSED

@inproceedings{Singh-2021,
  author = {Singh, Aditya and kumar, Avinash and Dua, Nishtha and Mishra, Vipul Kumar and Singh, Dilbag and Agrawal, Apeksha},
  booktitle = {2021 7th International Conference on Advanced Computing and Communication Systems (ICACCS)}, 
  title = {Predicting Elections Results using Social Media Activity A Case Study: USA Presidential Election 2020}, 
  year = {2021},
  volume = {1},
  pages = {314-319},
  doi = {10.1109/ICACCS51430.2021.9441835}
}

@article{Gaur-2025,
  author = {Gaur, Abhishek and Yadav, Dharmendra Kumar},
  journal = {Multimed Tools Appl},
  title = {A comprehensive analysis of forecasting elections using social media text},
  doi = {10.1007/s11042-024-20528-w},
  year = {2025}
}

@article{Belcastro-2020,
  author = {Belcastro, L. and Cantini, Riccardo and Marozzo, Fabrizio and Talia, Domenico and Trunfio, Paolo},
  year = {2020},
  month = {03},
  title = {Learning Political Polarization on Social Media Using Neural Networks},
  volume = {PP},
  journal = {IEEE Access},
  doi = {10.1109/ACCESS.2020.2978950}
}


@article{Brito-2021,
  author={Brito, Kellyton Dos Santos and Filho, Rogério Luiz Cardoso Silva and Adeodato, Paulo Jorge Leitão},
  journal={IEEE Transactions on Computational Social Systems}, 
  title={A Systematic Review of Predicting Elections Based on Social Media Data: Research Challenges and Future Directions}, 
  year={2021},
  volume={8},
  number={4},
  pages={819-843},
  doi={10.1109/TCSS.2021.3063660}
}

@article{Kellyton-2022,
  title = {Measuring the performances of politicians on social media and the correlation with major Latin American election results},
  journal = {Government Information Quarterly},
  volume = {39},
  number = {4},
  pages = {101745},
  year = {2022},
  issn = {0740-624X},
  doi = {10.1016/j.giq.2022.101745},
  url = {https://www.sciencedirect.com/science/article/pii/S0740624X22000818},
  author = {Kellyton Brito and Paulo Jorge Leitão Adeodato},
}

@article{Belcastro-2022,
  author = {Belcastro, Loris and Branda, Francesco and Cantini, Riccardo and Marozzo, Fabrizio and Talia, Domenico and Trunfio, Paolo},
  journal = {Social Network Analysis and Mining},
  number = {83},
  title = {Analyzing voter behavior on social media during the 2020 US presidential election campaign},
  doi = {10.1007/s13278-022-00913-9},
  volume = {12},
  year = {2022}
}

@inproceedings{Gorro-2022,
  author={Gorro, Ken and Lawas, Leodivino and Ancheta, Rosein A. and Ilano, Anthony},
  booktitle={2022 IEEE 7th International Conference on Information Technology and Digital Applications (ICITDA)}, 
  title={Understanding Social Media Behavior in Philippines Presidential Election using Natural Language Processing}, 
  year={2022},
  pages={1-5},
  doi={10.1109/ICITDA55840.2022.9971160}
}

@inproceedings{Bilal-2019,
  author={Bilal, Muhammad and Gani, Abdullah and Marjani, Mohsen and Malik, Nadia},
  booktitle={2019 International Conference on Engineering and Emerging Technologies (ICEET)}, 
  title={Predicting Elections: Social Media Data and Techniques}, 
  year={2019},
  pages={1-6},
  doi={10.1109/CEET1.2019.8711854}
}